<?xml version="1.0" encoding="UTF-8"?><collection xmlns="http://www.loc.gov/MARC21/slim"><record><leader>00517nam--2200169-i-4500</leader><controlfield tag="001">000031679</controlfield><controlfield tag="002">20161230</controlfield><controlfield tag="005">20161230201038</controlfield><controlfield tag="008">060222s1000------------r-----000-0-eng-d</controlfield><datafield ind1=" " ind2=" " tag="040"><subfield code="a">IFIN-HH</subfield></datafield><datafield ind1=" " ind2=" " tag="080"><subfield code="a">53.01</subfield></datafield><datafield ind1="1" ind2=" " tag="100"><subfield code="a">Lindsay, Robert Bruce</subfield></datafield><datafield ind1="1" ind2="0" tag="245"><subfield code="a">The nature of physics. a physicist`s views of the history and philosophy of his science</subfield><subfield code="c">Robert bruce lindsay</subfield></datafield><datafield ind1=" " ind2=" " tag="260"><subfield code="a">Rhode Island</subfield><subfield code="b">Brown University Press Providence</subfield><subfield code="c">1968</subfield></datafield><datafield ind1=" " ind2=" " tag="300"><subfield code="a">VI+212P</subfield></datafield><datafield ind1=" " ind2=" " tag="852"><subfield code="a">76232</subfield><subfield code="c">53</subfield></datafield><datafield ind1=" " ind2=" " tag="CAT"><subfield code="a">Sys</subfield><subfield code="c">20150812</subfield><subfield code="h">155527</subfield></datafield></record></collection>